<record><leader>00000cas a22000007a 4500</leader><controlfield tag="001">14817569</controlfield><controlfield tag="008">861121d18441846msu x ne      0    0eng d</controlfield><datafield ind1=" " ind2=" " tag="010"><subfield code="a">sn 86074055 </subfield></datafield><datafield ind1=" " ind2=" " tag="040"><subfield code="a">MJA</subfield><subfield code="b">eng</subfield><subfield code="c">MJA</subfield><subfield code="d">MSJ</subfield><subfield code="d">OCLCQ</subfield></datafield><datafield ind1=" " ind2=" " tag="042"><subfield code="a">msc</subfield></datafield><datafield ind1="0" ind2=" " tag="130"><subfield code="a">Disseminator (Brandon, Miss. : 1844)</subfield></datafield><datafield ind1="1" ind2="4" tag="245"><subfield code="a">The Disseminator.</subfield></datafield><datafield ind1=" " ind2=" " tag="260"><subfield code="a">Brandon, Miss. :</subfield><subfield code="b">W.D. Hathorn,</subfield><subfield code="c">-1846.</subfield></datafield><datafield ind1=" " ind2=" " tag="310"><subfield code="a">Irregular</subfield></datafield><datafield ind1="1" ind2=" " tag="362"><subfield code="a">Began in 1844.</subfield></datafield><datafield ind1="0" ind2=" " tag="362"><subfield code="a">-v. 1, no. 52 (Jan. 24, 1846).</subfield></datafield><datafield ind1=" " ind2=" " tag="588"><subfield code="a">Description based on: Vol. 1, no. 7 (Feb. 8, 1845).</subfield></datafield><datafield ind1=" " ind2=" " tag="752"><subfield code="a">United States</subfield><subfield code="b">Mississippi</subfield><subfield code="c">Rankin</subfield><subfield code="d">Brandon.</subfield></datafield><datafield ind1="0" ind2="0" tag="785"><subfield code="t">Disseminator and rail-road journal</subfield><subfield code="w">(OCoLC)14817627</subfield></datafield></record>